<?xml version="1.0" encoding="UTF-8"?><collection xmlns="http://www.loc.gov/MARC21/slim"><record><leader>00339nam--2200133-i-4500</leader><controlfield tag="001">000047381</controlfield><controlfield tag="002">20161230</controlfield><controlfield tag="005">20161230201046</controlfield><controlfield tag="008">060222s1000------------r-----000-0-eng-d</controlfield><datafield ind1=" " ind2=" " tag="080"><subfield code="a">621.382.3</subfield></datafield><datafield ind1=" " ind2=" " tag="100"><subfield code="a">Wiesner,Patrick E</subfield></datafield><datafield ind1=" " ind2=" " tag="245"><subfield code="a">Practical transistor theory</subfield></datafield><datafield ind1=" " ind2=" " tag="260"><subfield code="a">Slough, Bucks, W.Foulsham &amp; Co.Ltd.,1967. 128 P</subfield></datafield><datafield ind1=" " ind2=" " tag="852"><subfield code="a">34814</subfield></datafield></record></collection>